2018A&A...616A...1G
@ARTICLE{Gaia1,
       author = {{Gaia Collaboration} and {Brown}, A.~G.~A. and {Vallenari}, A. and
         {Prusti}, T. and {de Bruijne}, J.~H.~J. and {Babusiaux}, C. and
         {Bailer-Jones}, C.~A.~L. and {Biermann}, M. and {Evans}, D.~W. and
         {Eyer}, L. and {Jansen}, F. and {Jordi}, C. and {Klioner}, S.~A. and
         {Lammers}, U. and {Lindegren}, L. and {Luri}, X. and {Mignard}, F. and
         {Panem}, C. and {Pourbaix}, D. and {Randich}, S. and {Sartoretti}, P. and
         {Siddiqui}, H.~I. and {Soubiran}, C. and {van Leeuwen}, F. and
         {Walton}, N.~A. and {Arenou}, F. and {Bastian}, U. and {Cropper}, M. and
         {Drimmel}, R. and {Katz}, D. and {Lattanzi}, M.~G. and {Bakker}, J. and
         {Cacciari}, C. and {Casta{\~n}eda}, J. and {Chaoul}, L. and
         {Cheek}, N. and {De Angeli}, F. and {Fabricius}, C. and {Guerra}, R. and
         {Holl}, B. and {Masana}, E. and {Messineo}, R. and {Mowlavi}, N. and
         {Nienartowicz}, K. and {Panuzzo}, P. and {Portell}, J. and
         {Riello}, M. and {Seabroke}, G.~M. and {Tanga}, P. and
         {Th{\'e}venin}, F. and {Gracia-Abril}, G. and {Comoretto}, G. and
         {Garcia-Reinaldos}, M. and {Teyssier}, D. and {Altmann}, M. and
         {Andrae}, R. and {Audard}, M. and {Bellas-Velidis}, I. and
         {Benson}, K. and {Berthier}, J. and {Blomme}, R. and {Burgess}, P. and
         {Busso}, G. and {Carry}, B. and {Cellino}, A. and {Clementini}, G. and
         {Clotet}, M. and {Creevey}, O. and {Davidson}, M. and {De Ridder}, J. and
         {Delchambre}, L. and {Dell'Oro}, A. and {Ducourant}, C. and
         {Fern{\'a}ndez-Hern{\'a}ndez}, J. and {Fouesneau}, M. and
         {Fr{\'e}mat}, Y. and {Galluccio}, L. and {Garc{\'\i}a-Torres}, M. and
         {Gonz{\'a}lez-N{\'u}{\~n}ez}, J. and {Gonz{\'a}lez-Vidal}, J.~J. and
         {Gosset}, E. and {Guy}, L.~P. and {Halbwachs}, J. -L. and
         {Hambly}, N.~C. and {Harrison}, D.~L. and {Hern{\'a}ndez}, J. and
         {Hestroffer}, D. and {Hodgkin}, S.~T. and {Hutton}, A. and
         {Jasniewicz}, G. and {Jean-Antoine-Piccolo}, A. and {Jordan}, S. and
         {Korn}, A.~J. and {Krone-Martins}, A. and {Lanzafame}, A.~C. and
         {Lebzelter}, T. and {L{\"o}ffler}, W. and {Manteiga}, M. and
         {Marrese}, P.~M. and {Mart{\'\i}n-Fleitas}, J.~M. and {Moitinho}, A. and
         {Mora}, A. and {Muinonen}, K. and {Osinde}, J. and {Pancino}, E. and
         {Pauwels}, T. and {Petit}, J. -M. and {Recio-Blanco}, A. and
         {Richards}, P.~J. and {Rimoldini}, L. and {Robin}, A.~C. and
         {Sarro}, L.~M. and {Siopis}, C. and {Smith}, M. and {Sozzetti}, A. and
         {S{\"u}veges}, M. and {Torra}, J. and {van Reeven}, W. and {Abbas}, U. and
         {Abreu Aramburu}, A. and {Accart}, S. and {Aerts}, C. and
         {Altavilla}, G. and {{\'A}lvarez}, M.~A. and {Alvarez}, R. and
         {Alves}, J. and {Anderson}, R.~I. and {Andrei}, A.~H. and
         {Anglada Varela}, E. and {Antiche}, E. and {Antoja}, T. and
         {Arcay}, B. and {Astraatmadja}, T.~L. and {Bach}, N. and
         {Baker}, S.~G. and {Balaguer-N{\'u}{\~n}ez}, L. and {Balm}, P. and
         {Barache}, C. and {Barata}, C. and {Barbato}, D. and {Barblan}, F. and
         {Barklem}, P.~S. and {Barrado}, D. and {Barros}, M. and
         {Barstow}, M.~A. and {Bartholom{\'e} Mu{\~n}oz}, S. and
         {Bassilana}, J. -L. and {Becciani}, U. and {Bellazzini}, M. and
         {Berihuete}, A. and {Bertone}, S. and {Bianchi}, L. and
         {Bienaym{\'e}}, O. and {Blanco-Cuaresma}, S. and {Boch}, T. and
         {Boeche}, C. and {Bombrun}, A. and {Borrachero}, R. and {Bossini}, D. and
         {Bouquillon}, S. and {Bourda}, G. and {Bragaglia}, A. and
         {Bramante}, L. and {Breddels}, M.~A. and {Bressan}, A. and
         {Brouillet}, N. and {Br{\"u}semeister}, T. and {Brugaletta}, E. and
         {Bucciarelli}, B. and {Burlacu}, A. and {Busonero}, D. and
         {Butkevich}, A.~G. and {Buzzi}, R. and {Caffau}, E. and
         {Cancelliere}, R. and {Cannizzaro}, G. and {Cantat-Gaudin}, T. and
         {Carballo}, R. and {Carlucci}, T. and {Carrasco}, J.~M. and
         {Casamiquela}, L. and {Castellani}, M. and {Castro-Ginard}, A. and
         {Charlot}, P. and {Chemin}, L. and {Chiavassa}, A. and {Cocozza}, G. and
         {Costigan}, G. and {Cowell}, S. and {Crifo}, F. and {Crosta}, M. and
         {Crowley}, C. and {Cuypers}, J. and {Dafonte}, C. and {Damerdji}, Y. and
         {Dapergolas}, A. and {David}, P. and {David}, M. and {de Laverny}, P. and
         {De Luise}, F. and {De March}, R. and {de Martino}, D. and
         {de Souza}, R. and {de Torres}, A. and {Debosscher}, J. and
         {del Pozo}, E. and {Delbo}, M. and {Delgado}, A. and {Delgado}, H.~E. and
         {Di Matteo}, P. and {Diakite}, S. and {Diener}, C. and {Distefano}, E. and
         {Dolding}, C. and {Drazinos}, P. and {Dur{\'a}n}, J. and
         {Edvardsson}, B. and {Enke}, H. and {Eriksson}, K. and {Esquej}, P. and
         {Eynard Bontemps}, G. and {Fabre}, C. and {Fabrizio}, M. and
         {Faigler}, S. and {Falc{\~a}o}, A.~J. and {Farr{\`a}s Casas}, M. and
         {Federici}, L. and {Fedorets}, G. and {Fernique}, P. and
         {Figueras}, F. and {Filippi}, F. and {Findeisen}, K. and {Fonti}, A. and
         {Fraile}, E. and {Fraser}, M. and {Fr{\'e}zouls}, B. and {Gai}, M. and
         {Galleti}, S. and {Garabato}, D. and {Garc{\'\i}a-Sedano}, F. and
         {Garofalo}, A. and {Garralda}, N. and {Gavel}, A. and {Gavras}, P. and
         {Gerssen}, J. and {Geyer}, R. and {Giacobbe}, P. and {Gilmore}, G. and
         {Girona}, S. and {Giuffrida}, G. and {Glass}, F. and {Gomes}, M. and
         {Granvik}, M. and {Gueguen}, A. and {Guerrier}, A. and {Guiraud}, J. and
         {Guti{\'e}rrez-S{\'a}nchez}, R. and {Haigron}, R. and
         {Hatzidimitriou}, D. and {Hauser}, M. and {Haywood}, M. and
         {Heiter}, U. and {Helmi}, A. and {Heu}, J. and {Hilger}, T. and
         {Hobbs}, D. and {Hofmann}, W. and {Holland}, G. and {Huckle}, H.~E. and
         {Hypki}, A. and {Icardi}, V. and {Jan{\ss}en}, K. and
         {Jevardat de Fombelle}, G. and {Jonker}, P.~G. and
         {Juh{\'a}sz}, {\'A}. L. and {Julbe}, F. and {Karampelas}, A. and
         {Kewley}, A. and {Klar}, J. and {Kochoska}, A. and {Kohley}, R. and
         {Kolenberg}, K. and {Kontizas}, M. and {Kontizas}, E. and
         {Koposov}, S.~E. and {Kordopatis}, G. and {Kostrzewa-Rutkowska}, Z. and
         {Koubsky}, P. and {Lambert}, S. and {Lanza}, A.~F. and {Lasne}, Y. and
         {Lavigne}, J. -B. and {Le Fustec}, Y. and {Le Poncin-Lafitte}, C. and
         {Lebreton}, Y. and {Leccia}, S. and {Leclerc}, N. and
         {Lecoeur-Taibi}, I. and {Lenhardt}, H. and {Leroux}, F. and {Liao}, S. and
         {Licata}, E. and {Lindstr{\o}m}, H.~E.~P. and {Lister}, T.~A. and
         {Livanou}, E. and {Lobel}, A. and {L{\'o}pez}, M. and {Managau}, S. and
         {Mann}, R.~G. and {Mantelet}, G. and {Marchal}, O. and
         {Marchant}, J.~M. and {Marconi}, M. and {Marinoni}, S. and
         {Marschalk{\'o}}, G. and {Marshall}, D.~J. and {Martino}, M. and
         {Marton}, G. and {Mary}, N. and {Massari}, D. and
         {Matijevi{\v{c}}}, G. and {Mazeh}, T. and {McMillan}, P.~J. and
         {Messina}, S. and {Michalik}, D. and {Millar}, N.~R. and {Molina}, D. and
         {Molinaro}, R. and {Moln{\'a}r}, L. and {Montegriffo}, P. and
         {Mor}, R. and {Morbidelli}, R. and {Morel}, T. and {Morris}, D. and
         {Mulone}, A.~F. and {Muraveva}, T. and {Musella}, I. and
         {Nelemans}, G. and {Nicastro}, L. and {Noval}, L. and {O'Mullane}, W. and
         {Ord{\'e}novic}, C. and {Ord{\'o}{\~n}ez-Blanco}, D. and {Osborne}, P. and
         {Pagani}, C. and {Pagano}, I. and {Pailler}, F. and {Palacin}, H. and
         {Palaversa}, L. and {Panahi}, A. and {Pawlak}, M. and
         {Piersimoni}, A.~M. and {Pineau}, F. -X. and {Plachy}, E. and
         {Plum}, G. and {Poggio}, E. and {Poujoulet}, E. and {Pr{\v{s}}a}, A. and
         {Pulone}, L. and {Racero}, E. and {Ragaini}, S. and {Rambaux}, N. and
         {Ramos-Lerate}, M. and {Regibo}, S. and {Reyl{\'e}}, C. and
         {Riclet}, F. and {Ripepi}, V. and {Riva}, A. and {Rivard}, A. and
         {Rixon}, G. and {Roegiers}, T. and {Roelens}, M. and
         {Romero-G{\'o}mez}, M. and {Rowell}, N. and {Royer}, F. and
         {Ruiz-Dern}, L. and {Sadowski}, G. and {Sagrist{\`a} Sell{\'e}s}, T. and
         {Sahlmann}, J. and {Salgado}, J. and {Salguero}, E. and {Sanna}, N. and
         {Santana-Ros}, T. and {Sarasso}, M. and {Savietto}, H. and
         {Schultheis}, M. and {Sciacca}, E. and {Segol}, M. and
         {Segovia}, J.~C. and {S{\'e}gransan}, D. and {Shih}, I. -C. and
         {Siltala}, L. and {Silva}, A.~F. and {Smart}, R.~L. and {Smith}, K.~W. and
         {Solano}, E. and {Solitro}, F. and {Sordo}, R. and {Soria Nieto}, S. and
         {Souchay}, J. and {Spagna}, A. and {Spoto}, F. and {Stampa}, U. and
         {Steele}, I.~A. and {Steidelm{\"u}ller}, H. and {Stephenson}, C.~A. and
         {Stoev}, H. and {Suess}, F.~F. and {Surdej}, J. and {Szabados}, L. and
         {Szegedi-Elek}, E. and {Tapiador}, D. and {Taris}, F. and {Tauran}, G. and
         {Taylor}, M.~B. and {Teixeira}, R. and {Terrett}, D. and {Teyssand
        ier}, P. and {Thuillot}, W. and {Titarenko}, A. and {Torra Clotet}, F. and
         {Turon}, C. and {Ulla}, A. and {Utrilla}, E. and {Uzzi}, S. and
         {Vaillant}, M. and {Valentini}, G. and {Valette}, V. and
         {van Elteren}, A. and {Van Hemelryck}, E. and {van Leeuwen}, M. and
         {Vaschetto}, M. and {Vecchiato}, A. and {Veljanoski}, J. and
         {Viala}, Y. and {Vicente}, D. and {Vogt}, S. and {von Essen}, C. and
         {Voss}, H. and {Votruba}, V. and {Voutsinas}, S. and {Walmsley}, G. and
         {Weiler}, M. and {Wertz}, O. and {Wevers}, T. and {Wyrzykowski}, {\L}. and
         {Yoldas}, A. and {{\v{Z}}erjal}, M. and {Ziaeepour}, H. and
         {Zorec}, J. and {Zschocke}, S. and {Zucker}, S. and {Zurbach}, C. and
         {Zwitter}, T.},
        title = "{Gaia Data Release 2. Summary of the contents and survey properties}",
      journal = {\aap},
     keywords = {catalogs, astrometry, techniques: radial velocities, stars: fundamental parameters, stars: variables: general, minor planets, asteroids: general, Astrophysics - Astrophysics of Galaxies, Astrophysics - Instrumentation and Methods for Astrophysics},
         year = 2018,
        month = aug,
       volume = {616},
          eid = {A1},
        pages = {A1},
          doi = {10.1051/0004-6361/201833051},
archivePrefix = {arXiv},
       eprint = {1804.09365},
 primaryClass = {astro-ph.GA},
       adsurl = {https://ui.adsabs.harvard.edu/abs/2018A&A...616A...1G},
      adsnote = {Provided by the SAO/NASA Astrophysics Data System}
}
1980AZh....57.1227K
@ARTICLE{PVD80,
       author = {{Kiselev}, A.~A. and {Kiyaeva}, O.~V.},
        title = "{The method of apparent motion parameters, used to determine the orbit elements of a visual double star on the basis of short arc observations.}",
      journal = {\azh},
     keywords = {Astronomical Photography, Binary Stars, Orbit Calculation, Orbital Elements, Stellar Motions, Equations Of Motion, Least Squares Method, Radial Velocity, Stellar Parallax, Astronomy},
         year = 1980,
        month = dec,
       volume = {57},
        pages = {1227-1241},
       adsurl = {https://ui.adsabs.harvard.edu/abs/1980AZh....57.1227K},
      adsnote = {Provided by the SAO/NASA Astrophysics Data System}
}
1955AN....282..183G
@ARTICLE{G-L,
       author = {{G{\"u}ntzel-Lingner}, U.},
        title = "{Bahnbestimmung von drei Doppelsternen mit gro{\ss}er Parallaxe (ADS 48, 7251 und 11632)}",
      journal = {Astronomische Nachrichten},
         year = 1955,
        month = may,
       volume = {282},
       number = {4},
        pages = {183},
          doi = {10.1002/asna.19552820406},
       adsurl = {https://ui.adsabs.harvard.edu/abs/1955AN....282..183G},
      adsnote = {Provided by the SAO/NASA Astrophysics Data System}
}
1964AnWie..26....1H
@ARTICLE{Hopman,
       author = {{Hopmann}, J.},
        title = "{Die Systemkonstanten von 10 visuellen Doppelsternen.}",
      journal = {Annalen der K.K. Sternwarte Wien},
         year = 1964,
        month = jan,
       volume = {26},
        pages = {1-31},
       adsurl = {https://ui.adsabs.harvard.edu/abs/1964AnWie..26....1H},
      adsnote = {Provided by the SAO/NASA Astrophysics Data System}
}

2016yCat....102026M
@ARTICLE{WDS,
       author = {{Mason}, B.~D. and {Wycoff}, G.~L. and {Hartkopf}, W.~I. and
         {Douglass}, G.~G. and {Worley}, C.~E.},
        title = "{VizieR Online Data Catalog: The Washington Visual Double Star Catalog (Mason+ 2001-2014)}",
      journal = {VizieR Online Data Catalog},
     keywords = {Stars: double and multiple, Positional data},
         year = 2016,
        month = mar,
          eid = {B/wds},
        pages = {B/wds},
       adsurl = {https://ui.adsabs.harvard.edu/abs/2016yCat....102026M},
      adsnote = {Provided by the SAO/NASA Astrophysics Data System}
}
2014ARep...58...78K
@ARTICLE{Kis2014,
       author = {{Kiselev}, A.~A. and {Kiyaeva}, O.~V. and {Izmailov}, I.~S. and
         {Romanenko}, L.~G. and {Kalinichenko}, O.~A. and {Vasil'kova}, O.~O. and
         {Vasil'eva}, T.~A. and {Shakht}, N.~A. and {Gorshanov}, D.~L. and
         {Roschina}, E.~A.},
        title = "{Pulkovo catalog of relative positions and motions of visual double and multiple stars from photographic observations with the 26-inch refractor in 1960-2007}",
      journal = {Astronomy Reports},
         year = 2014,
        month = feb,
       volume = {58},
       number = {2},
        pages = {78-97},
          doi = {10.1134/S106377291401003X},
       adsurl = {https://ui.adsabs.harvard.edu/abs/2014ARep...58...78K},
      adsnote = {Provided by the SAO/NASA Astrophysics Data System}
}
@ARTICLE{Kiya2001,
       author = {{Kiyaeva}, O.~V. and {Kiselev}, A.~A. and {Polyakov}, E.~V. and
         {Rafal'Skii}, V.~B.},
        title = "{An Astrometric Study of the Triple Star ADS 48}",
      journal = {Astronomy Letters},
     keywords = {MULTIPLE SYSTEMS, ORBIT IMPROVEMENT},
         year = 2001,
        month = jun,
       volume = {27},
        pages = {391-397},
          doi = {10.1134/1.1374678},
       adsurl = {https://ui.adsabs.harvard.edu/abs/2001AstL...27..391K},
      adsnote = {Provided by the SAO/NASA Astrophysics Data System}
}
2010AstL...36..349I
@ARTICLE{Izm2010,
       author = {{Izmailov}, I.~S. and {Khovricheva}, M.~L. and {Khovrichev}, M. Yu. and
         {Kiyaeva}, O.~V. and {Khrutskaya}, E.~V. and {Romanenko}, L.~G. and
         {Grosheva}, E.~A. and {Maslennikov}, K.~L. and {Kalinichenko}, O.~A.},
        title = "{Astrometric CCD observations of visual double stars at the Pulkovo Observatory}",
      journal = {Astronomy Letters},
     keywords = {visual double stars, positional data},
         year = 2010,
        month = may,
       volume = {36},
       number = {5},
        pages = {349-354},
          doi = {10.1134/S1063773710050051},
       adsurl = {https://ui.adsabs.harvard.edu/abs/2010AstL...36..349I},
      adsnote = {Provided by the SAO/NASA Astrophysics Data System}
}
2016AstBu..71..225I
@ARTICLE{Izm2016,
       author = {{Izmailov}, I.~S. and {Roshchina}, E.~A.},
        title = "{Astrometric observations of visual binaries using 26-inch refractor during 2007-2014 at Pulkovo}",
      journal = {Astrophysical Bulletin},
     keywords = {binaries, visual{\textemdash}methods, observational},
         year = 2016,
        month = apr,
       volume = {71},
       number = {2},
        pages = {225-231},
          doi = {10.1134/S1990341316020097},
       adsurl = {https://ui.adsabs.harvard.edu/abs/2016AstBu..71..225I},
      adsnote = {Provided by the SAO/NASA Astrophysics Data System}
}
@ARTICLE{ORB6,
       author = {{Hartkopf}, William I. and {Mason}, Brian D.},
        title = "{The Sixth Catalog of Orbits of Visual Binary Stars}",
      journal = {USNO, Washington, version 2016},
     keywords = {Stars: Binaries: General, Stars: Binaries: Visual, Catalogs},
         year = 2016,
          url = {https://ad.usno.navy.mil/wds/orb6.html}
}
1996BABel.153...57P
@ARTICLE{Pop,
       author = {{Popovi{\'c}}, G.~M. and {Pavlovi{\'c}}, R.},
        title = "{Orbital elements for 8 double stars.}",
      journal = {Bulletin Astronomique de Belgrade},
     keywords = {Visual Binaries: Orbital Elements},
         year = 1996,
        month = jul,
       volume = {153},
        pages = {57-78},
       adsurl = {https://ui.adsabs.harvard.edu/abs/1996BABel.153...57P},
      adsnote = {Provided by the SAO/NASA Astrophysics Data System}
}
1990csrv.book.....T
@BOOK{Tok1990,
       author = {{Tokovinin}, A.~A.},
        title = "{Catalogue of stellar radial velocities. Catalogue of proper motions.}",
         year = 1990,
       adsurl = {https://ui.adsabs.harvard.edu/abs/1990csrv.book.....T},
      adsnote = {Provided by the SAO/NASA Astrophysics Data System}
}

2013AJ....146...56M
 @ARTICLE{Mason2013,
       author = {{Mason}, Brian D. and {Hartkopf}, William I. and {Hurowitz}, Haley M.},
        title = "{Speckle Interferometry at the U.S. Naval Observatory. XIX}",
      journal = {\aj},
     keywords = {binaries: general, binaries: visual},
         year = 2013,
        month = sep,
       volume = {146},
       number = {3},
          eid = {56},
        pages = {56},
          doi = {10.1088/0004-6256/146/3/56},
       adsurl = {https://ui.adsabs.harvard.edu/abs/2013AJ....146...56M},
      adsnote = {Provided by the SAO/NASA Astrophysics Data System}
}
2015AJ....150..136H
@ARTICLE{Hartkopf2015,
       author = {{Hartkopf}, William I. and {Mason}, Brian D.},
        title = "{Speckle Interferometry at the U.S. Naval Observatory. XX}",
      journal = {\aj},
     keywords = {binaries: general, binaries: visual},
         year = 2015,
        month = oct,
       volume = {150},
       number = {4},
          eid = {136},
        pages = {136},
          doi = {10.1088/0004-6256/150/4/136},
       adsurl = {https://ui.adsabs.harvard.edu/abs/2015AJ....150..136H},
      adsnote = {Provided by the SAO/NASA Astrophysics Data System}
}
2013A&A...551A..36N
@ARTICLE{Neves2013,
       author = {{Neves}, V. and {Bonfils}, X. and {Santos}, N.~C. and {Delfosse}, X. and
         {Forveille}, T. and {Allard}, F. and {Udry}, S.},
        title = "{Metallicity of M dwarfs. III. Planet-metallicity and planet-stellar mass correlations of the HARPS GTO M dwarf sample}",
      journal = {\aap},
     keywords = {stars: fundamental parameters, stars: late-type, stars: low-mass, stars: atmospheres, planetary systems, Astrophysics - Solar and Stellar Astrophysics, Astrophysics - Earth and Planetary Astrophysics},
         year = 2013,
        month = mar,
       volume = {551},
          eid = {A36},
        pages = {A36},
          doi = {10.1051/0004-6361/201220574},
archivePrefix = {arXiv},
       eprint = {1212.3372},
 primaryClass = {astro-ph.SR},
       adsurl = {https://ui.adsabs.harvard.edu/abs/2013A&A...551A..36N},
      adsnote = {Provided by the SAO/NASA Astrophysics Data System}
}
2000A&A...355.1164G
@ARTICLE{Gonch2000,
       author = {{Gontcharov}, G.~A. and {Andronova}, A.~A. and {Titov}, O.~A.},
        title = "{New astrometric binaries among HIPPARCOS stars}",
      journal = {\aap},
     keywords = {ASTROMETRY, REFERENCE SYSTEMS, CATALOGS, STARS: BINARIES: GENERAL, STARS: INDIVIDUAL: GAM CAS},
         year = 2000,
        month = mar,
       volume = {355},
        pages = {1164-1167},
       adsurl = {https://ui.adsabs.harvard.edu/abs/2000A&A...355.1164G},
      adsnote = {Provided by the SAO/NASA Astrophysics Data System}
}
2002A&A...391..647G
@ARTICLE{Gonch2002,
       author = {{Gontcharov}, G.~A. and {Kiyaeva}, O.~V.},
        title = "{Photocentric orbits from a direct combination of ground-based astrometry with Hipparcos. I. Comparison with known orbits}",
      journal = {\aap},
     keywords = {stars: binaries: general, stars: fundamental parameters, star: individual: alpha UMa, star: individual: beta LMi, lstrok, inebreak star: individual: delta And, star: individual: xi Aqr},
         year = 2002,
        month = aug,
       volume = {391},
        pages = {647-657},
          doi = {10.1051/0004-6361:20020896},
       adsurl = {https://ui.adsabs.harvard.edu/abs/2002A&A...391..647G},
      adsnote = {Provided by the SAO/NASA Astrophysics Data System}
}
2010NewA...15..324G 
@ARTICLE{Gonch2010,
       author = {{Gontcharov}, G.~A. and {Kiyaeva}, O.~V.},
        title = "{Photocentric orbits from a direct combination of ground-based astrometry with Hipparcos II. Preliminary orbits for six astrometric binaries}",
      journal = {\na},
     keywords = {95.10.Eg, 97.10.Nf, 97.80.-d, 97.80.Af, Orbit determination and improvement, Masses, Binary and multiple stars, Astrometric and interferometric binaries, Astrophysics - Solar and Stellar Astrophysics},
         year = 2010,
        month = mar,
       volume = {15},
       number = {3},
        pages = {324-331},
          doi = {10.1016/j.newast.2009.09.006},
archivePrefix = {arXiv},
       eprint = {1606.08182},
 primaryClass = {astro-ph.SR},
       adsurl = {https://ui.adsabs.harvard.edu/abs/2010NewA...15..324G},
      adsnote = {Provided by the SAO/NASA Astrophysics Data System}
}
2016AstL...42..686K
@ARTICLE{Chovr2015,
       author = {{Khovrichev}, M. Yu. and {Kulikova}, A.~M. and {Sokov}, E.~N. and
         {Dyachenko}, V.~V. and {Rastegaev}, D.~A. and {Beskakotov}, A.~S. and
         {Balega}, Yu. Yu. and {Safonov}, B.~S. and {Dodin}, A.~V. and
         {Vozyakova}, O.~V.},
        title = "{Detection of the binarity of the star J1158+4239}",
      journal = {Astronomy Letters},
     keywords = {astrometry, binary stars, individual stars: J1158+4239 (GJ 3697), techniques: image processing, Astrophysics - Solar and Stellar Astrophysics},
         year = 2016,
        month = oct,
       volume = {42},
       number = {10},
        pages = {686-692},
          doi = {10.1134/S1063773716100054},
archivePrefix = {arXiv},
       eprint = {1612.01366},
 primaryClass = {astro-ph.SR},
       adsurl = {https://ui.adsabs.harvard.edu/abs/2016AstL...42..686K},
      adsnote = {Provided by the SAO/NASA Astrophysics Data System}
}
2019AstL...45...30I
@ARTICLE{Izm2019,
       author = {{Izmailov}, I.~S.},
        title = "{The Orbits of 451 Wide Visual Double Stars}",
      journal = {Astronomy Letters},
     keywords = {double and multiple stars, orbits},
         year = 2019,
        month = jan,
       volume = {45},
       number = {1},
        pages = {30-38},
          doi = {10.1134/S106377371901002X},
       adsurl = {https://ui.adsabs.harvard.edu/abs/2019AstL...45...30I},
      adsnote = {Provided by the SAO/NASA Astrophysics Data System}
}
2005ARep...49..201O
@ARTICLE{dyst1,
       author = {{Orlov}, V.~V. and {Zhuchkov}, R. Ya.},
        title = "{Analysis of the Dynamic Stability of Selected Multiple Stars with Weak Hierarchy}",
      journal = {Astronomy Reports},
         year = 2005,
        month = mar,
       volume = {49},
       number = {3},
        pages = {201-216},
          doi = {10.1134/1.1882778},
       adsurl = {https://ui.adsabs.harvard.edu/abs/2005ARep...49..201O},
      adsnote = {Provided by the SAO/NASA Astrophysics Data System}
}
2005ARep...49..274Z
@ARTICLE{dyst2,
       author = {{Zhuchkov}, R. Ya. and {Orlov}, V.~V.},
        title = "{Analysis of the Dynamical Instability of Several Multiple Stars with Weak Hierarchy}",
      journal = {Astronomy Reports},
         year = 2005,
        month = apr,
       volume = {49},
       number = {4},
        pages = {274-283},
          doi = {10.1134/1.1898405},
       adsurl = {https://ui.adsabs.harvard.edu/abs/2005ARep...49..274Z},
      adsnote = {Provided by the SAO/NASA Astrophysics Data System}
}
2019A&A...623A..72K
@ARTICLE{Kerv,
       author = {{Kervella}, Pierre and {Arenou}, Fr{\'e}d{\'e}ric and
         {Mignard}, Fran{\c{c}}ois and {Th{\'e}venin}, Fr{\'e}d{\'e}ric},
        title = "{Stellar and substellar companions of nearby stars from Gaia DR2. Binarity from proper motion anomaly}",
      journal = {\aap},
     keywords = {astrometry, proper motions, binaries: general, planetary systems, Astrophysics - Solar and Stellar Astrophysics},
         year = 2019,
        month = mar,
       volume = {623},
          eid = {A72},
        pages = {A72},
          doi = {10.1051/0004-6361/201834371},
archivePrefix = {arXiv},
       eprint = {1811.08902},
 primaryClass = {astro-ph.SR},
       adsurl = {https://ui.adsabs.harvard.edu/abs/2019A&A...623A..72K},
      adsnote = {Provided by the SAO/NASA Astrophysics Data System}
}
2017AJ....153..208B
@ARTICLE{Butler2017,
       author = {{Butler}, R. Paul and {Vogt}, Steven S. and {Laughlin}, Gregory and
         {Burt}, Jennifer A. and {Rivera}, Eugenio J. and {Tuomi}, Mikko and
         {Teske}, Johanna and {Arriagada}, Pamela and {Diaz}, Matias and
         {Holden}, Brad and {Keiser}, Sandy},
        title = "{The LCES HIRES/Keck Precision Radial Velocity Exoplanet Survey}",
      journal = {\aj},
     keywords = {planetary systems, Astrophysics - Earth and Planetary Astrophysics},
         year = 2017,
        month = may,
       volume = {153},
       number = {5},
          eid = {208},
        pages = {208},
          doi = {10.3847/1538-3881/aa66ca},
archivePrefix = {arXiv},
       eprint = {1702.03571},
 primaryClass = {astro-ph.EP},
       adsurl = {https://ui.adsabs.harvard.edu/abs/2017AJ....153..208B},
      adsnote = {Provided by the SAO/NASA Astrophysics Data System}
}
2019MNRAS.484L...8T
@ARTICLE{Tal2019,
       author = {{Tal-Or}, Lev and {Trifonov}, Trifon and {Zucker}, Shay and
         {Mazeh}, Tsevi and {Zechmeister}, Mathias},
        title = "{Correcting HIRES/Keck radial velocities for small systematic errors}",
      journal = {\mnras},
     keywords = {instrumentation: spectrographs, techniques: radial velocities, planetary systems, Astrophysics - Earth and Planetary Astrophysics, Astrophysics - Instrumentation and Methods for Astrophysics, Astrophysics - Solar and Stellar Astrophysics},
         year = 2019,
        month = mar,
       volume = {484},
       number = {1},
        pages = {L8-L13},
          doi = {10.1093/mnrasl/sly227},
archivePrefix = {arXiv},
       eprint = {1810.02986},
 primaryClass = {astro-ph.EP},
       adsurl = {https://ui.adsabs.harvard.edu/abs/2019MNRAS.484L...8T},
      adsnote = {Provided by the SAO/NASA Astrophysics Data System}
}


